@article{DBLP:journals/corr/abs-1901-03707,
  author    = {Willett and others},
  title     = {Neumann Networks for Inverse Problems in Imaging},
  journal   = {CoRR},
  volume    = {abs/1901.03707},
  year      = {2019},
  url       = {http://arxiv.org/abs/1901.03707},
  archivePrefix = {arXiv},
  eprint    = {1901.03707},
  timestamp = {Fri, 01 Feb 2019 13:39:59 +0100},
  biburl    = {https://dblp.org/rec/journals/corr/abs-1901-03707.bib},
  bibsource = {dblp computer science bibliography, https://dblp.org}
}
@article{DBLP:journals/corr/abs-1811-08839,
  author    = {Jure Zbontar and others},
  title     = {fastMRI: An Open Dataset and Benchmarks for Accelerated {MRI}},
  journal   = {CoRR},
  volume    = {abs/1811.08839},
  year      = {2018},
  url       = {http://arxiv.org/abs/1811.08839},
  archivePrefix = {arXiv},
  eprint    = {1811.08839},
  timestamp = {Mon, 26 Nov 2018 12:52:45 +0100},
  biburl    = {https://dblp.org/rec/journals/corr/abs-1811-08839.bib},
  bibsource = {dblp computer science bibliography, https://dblp.org}
}
@article{DBLP:journals/corr/KamilovM15,
  author    = {Ulugbek S. Kamilov and
               Hassan Mansour},
  title     = {Learning optimal nonlinearities for iterative thresholding algorithms},
  journal   = {CoRR},
  volume    = {abs/1512.04754},
  year      = {2015},
  url       = {http://arxiv.org/abs/1512.04754},
  archivePrefix = {arXiv},
  eprint    = {1512.04754},
  timestamp = {Mon, 13 Aug 2018 16:47:17 +0200},
  biburl    = {https://dblp.org/rec/journals/corr/KamilovM15.bib},
  bibsource = {dblp computer science bibliography, https://dblp.org}
}
@article{DBLP:journals/corr/RomanoEM16,
  author    = {Yaniv Romano and
               Michael Elad and
               Peyman Milanfar},
  title     = {The Little Engine that Could: Regularization by Denoising {(RED)}},
  journal   = {CoRR},
  volume    = {abs/1611.02862},
  year      = {2016},
  url       = {http://arxiv.org/abs/1611.02862},
  archivePrefix = {arXiv},
  eprint    = {1611.02862},
  timestamp = {Mon, 13 Aug 2018 16:47:43 +0200},
  biburl    = {https://dblp.org/rec/journals/corr/RomanoEM16.bib},
  bibsource = {dblp computer science bibliography, https://dblp.org}
}
@article{DBLP:journals/corr/abs-1712-02862,
  author    = {Hemant Kumar Aggarwal and
               Merry P. Mani and
               Mathews Jacob},
  title     = {MoDL: Model Based Deep Learning Architecture for Inverse Problems},
  journal   = {CoRR},
  volume    = {abs/1712.02862},
  year      = {2017},
  url       = {http://arxiv.org/abs/1712.02862},
  archivePrefix = {arXiv},
  eprint    = {1712.02862},
  timestamp = {Mon, 13 Aug 2018 16:48:44 +0200},
  biburl    = {https://dblp.org/rec/journals/corr/abs-1712-02862.bib},
  bibsource = {dblp computer science bibliography, https://dblp.org}
}
@misc{hasan2019learning,
    title={Learning Partial Differential Equations from Data Using Neural Networks},
    author={Ali Hasan and João M. Pereira and Robert Ravier and Sina Farsiu and Vahid Tarokh},
    year={2019},
    eprint={1910.10262},
    archivePrefix={arXiv},
    primaryClass={cs.LG}
}
@article{Adler_2017,
   title={Solving ill-posed inverse problems using iterative deep neural networks},
   volume={33},
   ISSN={1361-6420},
   url={http://dx.doi.org/10.1088/1361-6420/aa9581},
   DOI={10.1088/1361-6420/aa9581},
   number={12},
   journal={Inverse Problems},
   publisher={IOP Publishing},
   author={Adler, Jonas and Öktem, Ozan},
   year={2017},
   month={Nov},
   pages={124007}
}
@misc{dockhorn2019discussion,
    title={A Discussion on Solving Partial Differential Equations using Neural Networks},
    author={Tim Dockhorn},
    year={2019},
    eprint={1904.07200},
    archivePrefix={arXiv},
    primaryClass={cs.LG}
}
@misc{hasan2019learning,
    title={Learning Partial Differential Equations from Data Using Neural Networks},
    author={Ali Hasan and João M. Pereira and Robert Ravier and Sina Farsiu and Vahid Tarokh},
    year={2019},
    eprint={1910.10262},
    archivePrefix={arXiv},
    primaryClass={cs.LG}
}
